<?xml version="1.0" encoding="UTF-8"?><collection xmlns="http://www.loc.gov/MARC21/slim"><record><leader>00414nam--2200145-i-4500</leader><controlfield tag="001">000039316</controlfield><controlfield tag="002">20161230</controlfield><controlfield tag="005">20161230201042</controlfield><controlfield tag="008">060222s1000------------r-----000-0-eng-d</controlfield><datafield ind1=" " ind2=" " tag="080"><subfield code="a">517.392:62-52</subfield></datafield><datafield ind1=" " ind2=" " tag="100"><subfield code="a">Rodrigues Cadete,Maria Odete</subfield></datafield><datafield ind1=" " ind2=" " tag="245"><subfield code="a">Calculo automatico de integrals definidos</subfield></datafield><datafield ind1=" " ind2=" " tag="260"><subfield code="a">Oeiras, Inst.Gulbenkian De Ciecia, 1975. 173 P</subfield></datafield><datafield ind1=" " ind2=" " tag="852"><subfield code="a">43615</subfield><subfield code="c">517.2/3</subfield></datafield><datafield ind1=" " ind2=" " tag="CAT"><subfield code="a">Sys</subfield><subfield code="c">20080717</subfield><subfield code="h">131601</subfield></datafield></record></collection>